@Book{Watt90,
  author =       "David A. Watt",
  title =        "Programming language concepts and paradigms",
  publisher =    "Prentice Hall",
  year =         "1990",
}

@Book{Gamma95,
  author =       "Erich Gamma and Richard Helm and Ralph Johnson and John Vlissides",
  title =        "Design Patterns: elements of reusable object-oriented software",
  publisher =    "Addison Wesley",
  year =         "1995",
}

@MastersThesis{Kim02,
  author =       "Howard Kim",
  title =        "{AspectC}\#: An {AOSD} implementation for {C}\#",
  school =       "Trinity College Dublin",
  year =         "2002",
}

