@MastersThesis{Garcia2003,
  author =       "Carlos Francisco Noguera Garc\'{i}a",
  title =        "{Compose*} - A Runtime for the .{NET} Platform",
  school =       "Vrije Universiteit Brussel, Belgium",
  year =         "2003",
  month =        aug,
}

@MastersThesis{Durr2004,
  author =       "Pascal E. A. D{\"u}rr",
  title =        "Detecting semantic conflicts between aspects (in {Compose*})",
  school =       "University of Twente, The Netherlands",
  year =         "2004",
  month =        apr,
}

@MastersThesis{Holljen2004,
  author =       "Frederik Jacob Bouwhof Holljen",
  title =        "Compilation and Type-Safety in the {Compose*} .{NET} Environment",
  school =       "University of Twente, The Netherlands",
  year =         "2004",
  month =        may,
}

@MastersThesis{Vinkes2004,
  author =       "Christian Vinkes",
  title =        "Superimposition in the {C}omposition {F}ilters Model",
  school =       "University of Twente, The Netherlands",
  year =         "2004",
  month =        oct,
}

@MastersThesis{Bosman2004,
  author =       "Raymond Bosman",
  title =        "Automated Reasoning about {C}omposition {F}ilters",
  school =       "University of Twente, The Netherlands",
  year =         "2004",
  month =        nov,
}

@MastersThesis{Staijen2005,
  Author =       "Tom Staijen",
  Title =        "Towards Safe Advice: Semantic Analysis of Advice Types in {Compose*}",
  School =       "University of Twente",
  Year =         "2005",
  Month =        apr,
}

@MastersThesis{Havinga2005,
  author =       "Wilke Havinga",
  title =        "Designating join points in {Compose*} - a predicate-based superimposition language for {Compose*}",
  school =       "University of Twente, The Netherlands",
  year =         "2005",
  month =        may,
}

@PhdThesis{Nagy2006,
  author =       "Istv\'{a}n Nagy",
  title =        "On the Design of Aspect-Oriented Composition Models for Software Evolution",
  school =       "University of Twente, The Netherlands",
  year =         "2006",
  month =        jun,
}

@MastersThesis{Boschman2006,
  author =       "Sverre R. Boschman",
  title =        "Performing transformations on .{NET} Intermediate Language Code",
  school =       "University of Twente, The Netherlands",
  year =         "2006",
  month =        aug,
}

@MastersThesis{SpenkelinkD2006,
  author =       "Dennis R. Spenkelink",
  title =        "{Compose*} Incremental",
  school =       "University of Twente, The Netherlands",
  year =         "2006",
  month =        dec,
}

@MastersThesis{VanOudheusden2006,
  author =       "Michiel D. W. van Oudheusden",
  title =        "Automatic Derivation of Semantic Properties in .{NET}",
  school =       "University of Twente, The Netherlands",
  year =         "2006",
  month =        aug,
}

@MastersThesis{Conradi2006,
  author =       "Olaf Conradi",
  title =        "Fine-grained Join Point Model in {Compose*}",
  school =       "University of Twente, The Netherlands",
  year =         "2006",
  month =        aug,
}

@MastersThesis{TeWinkel2006,
  author =       "Johan W. te Winkel",
  title =        "Bringing {C}omposition {F}ilters to {C}",
  school =       "University of Twente, The Netherlands",
  year =         "2006",
  month =        dec,
}

@MastersThesis{Huttenhuis2006,
  author =       "Stephan H. G. Huttenhuis",
  title =        "Using Aspect-Oriented Programming to Solve Problems of Design Pattern Implementations",
  school =       "University of Twente, The Netherlands",
  year =         "2006",
  note =         nov,
}

@MastersThesis{Doornenbal2006,
  author =       "Dirk Doornenbal",
  title =        "Analysis and Redesign of the {Compose*} Language",
  school =       "University of Twente, The Netherlands",
  year =         "2006",
  month =        oct,
}

@MastersThesis{Huisman2006,
  author =       "Rolf L. R. Huisman",
  title =        "Debugging {C}omposition {F}ilters",
  school =       "University of Twente, The Netherlands",
  year =         "2007",
  month =        feb,
}

@MastersThesis{Minnen2006,
  author =       "Wim Minnen",
  title =        "Design of new Filter Types for Data Abstraction",
  school =       "University of Twente, The Netherlands",
  year =         "2007",
  note =         "To be released",
}

@MastersThesis{DeRoo2007,
  author =       "Arjan J. de Roo",
  title =        "Towards More Robust Advice: Message Flow Analysis for Composition Filters and its Application",
  school =       "University of Twente, The Netherlands",
  year =         "2007",
  month =        mar,
}

@MastersThesis{Hendriks2007,
  author =       "Michiel F. H. Hendriks",
  title =        "to be determined",
  school =       "University of Twente, The Netherlands",
  year =         "2007",
  note =         "To be released",
}
