@TechReport{DrGUI03,
  author =       "{Microsoft Corporation}",
  title =        "Introduction to .{NET}, Hello World, and a Quick Look Inside the .{NET} Runtime",
  publisher =    "MSDN Library",
  institution =  "Microsoft Corporation",
  month =        apr,
  year =         "2003",
  URL =          "http://msdn.microsoft.com/library/default.asp?url=/library/en-us/dnguinet/html/drguinet0_update.asp",
}

@TechReport{Microsoft03-1,
  author =       "{Microsoft Corporation}",
  title =        "Overview of the .{NET} Framework",
  journal =      ".NET Framework Developer's Guide",
  publisher =    "MSDN Library",
  institution =  "Microsoft Corporation",
  year =         "2003",
  URL =          "http://msdn.microsoft.com/library/default.asp?url=/library/en-us/cpguide/html/cpovrintroductiontonetframeworksdk.asp",
}

@TechReport{Microsoft03-2,
  author =       "{Microsoft Corporation}",
  title =        "What is the Common Language Specification",
  journal =      ".NET Framework Developer's Guide",
  publisher =    "MSDN Library",
  institution =  "Microsoft Corporation",
  year =         "2003",
  URL =          "http://msdn.microsoft.com/library/default.asp?url=/library/en-us/cpguide/html/cpconwhatiscommonlanguagespecification.asp",
}

@TechReport{Microsoft03-3,
  author =       "{Microsoft Corporation}",
  title =        ".{NET} Compact Framework - Technology Overview",
  journal =      "Mobile and Embedded Development Center",
  publisher =    "MSDN Library",
  institution =  "Microsoft Corporation",
  year =         "2003",
  URL =          "http://msdn.microsoft.com/mobility/prodtechinfo/devtools/netcf/overview/default.aspx",
}

@TechReport{Microsoft03-4,
  author =       "{Microsoft Corporation}",
  title =        "What's New in the .{NET} Framework Version 2.0",
  journal =      "Understanding the .NET Framework",
  publisher =    "MSDN Library",
  institution =  "Microsoft Corporation",
  year =         "2005",
  URL =          "http://msdn2.microsoft.com/en-us/library/t357fb32.aspx",
}

@TechReport{Microsoft03-5,
  author =       "{Microsoft Corporation}",
  title =        "What's Is .{NET}?",
  institution =  "Microsoft Corporation",
  year =         "2005",
  URL =          "http://www.microsoft.com/net/basics.mspx",
}

@TechReport{Ecma-335,
  author =       "ECMA International",
  title =        "Common Language Infrastructure ({CLI})",
  type =         "Standard {ECMA}-335",
  institution =  "{ECMA} International",
  year =         "2002",
  edition =      "Second",
  URL =          "http://www.ecma-international.org/publications/files/ecma-st/Ecma-335.pdf",
}

@TechReport{Watkins00,
  author =       "Damien Watkins",
  title =        "Handling Language Interoperability with the {M}icrosoft .{NET} Framework",
  publisher =    "MSDN Library",
  institution =  "Monash Univeristy",
  month =        oct,
  year =         "2000",
  URL =          "http://msdn.microsoft.com/library/default.asp?url=/library/en-us/dndotnet/html/interopdotnet.asp",
}

@Book{Prosise2002,
  author =       "Jeff Prosise",
  title =        "Programming {M}icrosoft .{NET}",
  year =         "2002",
  ISBN =         "0-7356-1376-1",
  publisher =    "Microsoft Press",
  address =      "Redmond, WA, USA",
}

@Book{Lidin2002,
  author =       "Serge Lidin",
  title =        "Inside {M}icrosoft .{NET} {IL} Assembler",
  year =         "2002",
  ISBN =         "0-7356-1547-0",
  publisher =    "Microsoft Press",
  address =      "Redmond, WA, USA",
}

@Misc{Jython03,
  title =        "Jython homepage",
  key =          "Jython",
  URL =          "http://www.jython.org/",
}

@article{Stutz02,
  author =       "David Stutz",
  title =        "The {M}icrosoft Shared Source {CLI} Implementation",
 	journal = 		 "MSDN Magazine",
 	Volume =       17,
 	number =       7,
 	month =        jul,
 	year =    		 2002,
  publisher =    "MSDN Library",
	institution =  "Microsoft Corporation",
}
 
@Misc{Ada96,
  title =        "Ada for the web",
  key =          "Ada",
  year =         "1996",
  URL =          "http://www.acm.org/sigada/wg/web_ada/",
}
